<?xml version="1.0" encoding="UTF-8"?><collection xmlns="http://www.loc.gov/MARC21/slim"><record><leader>00434nam--2200169-i-4500</leader><controlfield tag="001">000044964</controlfield><controlfield tag="002">20161230</controlfield><controlfield tag="005">20161230201044</controlfield><controlfield tag="008">060222s1000------------r-----000-0-rum-d</controlfield><datafield ind1=" " ind2=" " tag="040"><subfield code="a">IFIN-HH</subfield></datafield><datafield ind1=" " ind2=" " tag="080"><subfield code="a">531(07)</subfield></datafield><datafield ind1="1" ind2=" " tag="100"><subfield code="a">Tocaci, Emil</subfield></datafield><datafield ind1="1" ind2="0" tag="245"><subfield code="a">Mecanica</subfield><subfield code="b">Curs si culegere de probleme</subfield><subfield code="c">Emil Tocaci</subfield></datafield><datafield ind1=" " ind2=" " tag="260"><subfield code="a">Bucuresti, Ed.Didact.Si Pedag., 1985,</subfield></datafield><datafield ind1=" " ind2=" " tag="300"><subfield code="a">480P</subfield></datafield><datafield ind1=" " ind2=" " tag="852"><subfield code="a">72570</subfield><subfield code="c">531</subfield></datafield><datafield ind1=" " ind2=" " tag="CAT"><subfield code="a">Sys</subfield><subfield code="c">20100701</subfield><subfield code="h">114156</subfield></datafield></record></collection>